<marc:collection xmlns:marc="http://www.loc.gov/MARC21/slim" xmlns:xsi="http://www.w3.org/2001/XMLSchema-instance" xsi:schemaLocation="http://www.loc.gov/MARC21/slim http://www.loc.gov/standards/marcxml/schema/MARC21slim.xsd">
    <marc:record type="Bibliographic">
        <marc:leader>02850cem a2200529K  4500</marc:leader>
        <marc:controlfield tag="001">6773457</marc:controlfield>
        <marc:controlfield tag="005">20120702090936.0</marc:controlfield>
        <marc:controlfield tag="008">050914m19549999ja        a     0   jpn d</marc:controlfield>
        <marc:datafield tag="034" ind1="0" ind2=" ">
            <marc:subfield code="a">a</marc:subfield>
        </marc:datafield>
        <marc:datafield tag="050" ind1=" " ind2="4">
            <marc:subfield code="a">G1030</marc:subfield>
            <marc:subfield code="b">.H96 1954</marc:subfield>
        </marc:datafield>
        <marc:datafield tag="049" ind1=" " ind2=" ">
            <marc:subfield code="a">MAIN</marc:subfield>
        </marc:datafield>
        <marc:datafield tag="245" ind1="0" ind2="0">
            <marc:subfield code="6">880-01</marc:subfield>
            <marc:subfield code="a">Hyōjun sekaishi kakezu</marc:subfield>
            <marc:subfield code="h">[map] /</marc:subfield>
            <marc:subfield code="c">Kamei Takayoshi, Mikami Tsuguo hen.</marc:subfield>
        </marc:datafield>
        <marc:datafield tag="246" ind1="3" ind2="0">
            <marc:subfield code="6">880-02</marc:subfield>
            <marc:subfield code="a">Sekaishi kakezu</marc:subfield>
        </marc:datafield>
        <marc:datafield tag="255" ind1=" " ind2=" ">
            <marc:subfield code="a">Scales differ.</marc:subfield>
        </marc:datafield>
        <marc:datafield tag="260" ind1=" " ind2=" ">
            <marc:subfield code="6">880-03</marc:subfield>
            <marc:subfield code="a">Tōkyō :</marc:subfield>
            <marc:subfield code="b">Yoshikawa Kōbunkan,</marc:subfield>
            <marc:subfield code="c">[Shōwa 29- i.e.1954-]</marc:subfield>
        </marc:datafield>
        <marc:datafield tag="300" ind1=" " ind2=" ">
            <marc:subfield code="a">maps :</marc:subfield>
            <marc:subfield code="b">col. ;</marc:subfield>
            <marc:subfield code="c">104 x 147 on sheet 115 x 151cm.</marc:subfield>
        </marc:datafield>
        <marc:datafield tag="500" ind1=" " ind2=" ">
            <marc:subfield code="a">Each map is cloth backed and mounted on wooden rods in a scroll.</marc:subfield>
        </marc:datafield>
        <marc:datafield tag="500" ind1=" " ind2=" ">
            <marc:subfield code="a">Multiple maps on one sheet.</marc:subfield>
        </marc:datafield>
        <marc:datafield tag="500" ind1=" " ind2=" ">
            <marc:subfield code="a">Library has: dai 1 Shōwa 30 [1956] 20-kai haihon, dai 3 Shōwa 31 [1956] 21-kai haihon, dai 4 Shōwa 30 [1955] 9-kai haihon, dai 6 Shōwa 31 [1956] 23-kai haihon, dai 8 Shōwa 30 [1955] 11-kai haihon, dai 13 Shōwa 30 [1955] 13-kai haihon, dai 18 Shōwa 30 [1955] dai 5-kai haihon, dai 19 Shōwa 30 [1955] 16-kai haihon, dai 23 Shōwa 30 [1955] dai 7-kai haihon.</marc:subfield>
            <marc:subfield code="5">NjP-G</marc:subfield>
        </marc:datafield>
        <marc:datafield tag="650" ind1=" " ind2="0">
            <marc:subfield code="a">World maps.</marc:subfield>
        </marc:datafield>
        <marc:datafield tag="650" ind1=" " ind2="0">
            <marc:subfield code="a">Historical geography</marc:subfield>
            <marc:subfield code="v">Maps.</marc:subfield>
        </marc:datafield>
        <marc:datafield tag="655" ind1=" " ind2="7">
            <marc:subfield code="a">Wall maps, Japanese</marc:subfield>
            <marc:subfield code="y">1954-1956.</marc:subfield>
            <marc:subfield code="2">local</marc:subfield>
        </marc:datafield>
        <marc:datafield tag="700" ind1="1" ind2=" ">
            <marc:subfield code="6">880-04</marc:subfield>
            <marc:subfield code="a">Kamei, Takayoshi,</marc:subfield>
            <marc:subfield code="d">1886-1977.</marc:subfield>
        </marc:datafield>
        <marc:datafield tag="700" ind1="1" ind2=" ">
            <marc:subfield code="6">880-05</marc:subfield>
            <marc:subfield code="a">Mikami, Tsugio,</marc:subfield>
            <marc:subfield code="d">1907-1987.</marc:subfield>
        </marc:datafield>
        <marc:datafield tag="856" ind1="4" ind2="1">
            <marc:subfield code="z">See dai 1</marc:subfield>
            <marc:subfield code="u">http://gisserver.princeton.edu/map/26287</marc:subfield>
        </marc:datafield>
        <marc:datafield tag="856" ind1="4" ind2="1">
            <marc:subfield code="z">See dai 1 label</marc:subfield>
            <marc:subfield code="u">http://gisserver.princeton.edu/map/26288</marc:subfield>
        </marc:datafield>
        <marc:datafield tag="856" ind1="4" ind2="1">
            <marc:subfield code="z">See dai 3</marc:subfield>
            <marc:subfield code="u">http://gisserver.princeton.edu/map/26289</marc:subfield>
        </marc:datafield>
        <marc:datafield tag="856" ind1="4" ind2="1">
            <marc:subfield code="z">See dai 3 label</marc:subfield>
            <marc:subfield code="u">http://gisserver.princeton.edu/map/26290</marc:subfield>
        </marc:datafield>
        <marc:datafield tag="856" ind1="4" ind2="1">
            <marc:subfield code="z">See dai 4</marc:subfield>
            <marc:subfield code="u">http://gisserver.princeton.edu/map/26291</marc:subfield>
        </marc:datafield>
        <marc:datafield tag="856" ind1="4" ind2="1">
            <marc:subfield code="z">See dai 4 label</marc:subfield>
            <marc:subfield code="u">http://gisserver.princeton.edu/map/26292</marc:subfield>
        </marc:datafield>
        <marc:datafield tag="856" ind1="4" ind2="1">
            <marc:subfield code="z">See dai 6</marc:subfield>
            <marc:subfield code="u">http://gisserver.princeton.edu/map/26293</marc:subfield>
        </marc:datafield>
        <marc:datafield tag="856" ind1="4" ind2="1">
            <marc:subfield code="z">See dai 6 label</marc:subfield>
            <marc:subfield code="u">http://gisserver.princeton.edu/map/26294</marc:subfield>
        </marc:datafield>
        <marc:datafield tag="856" ind1="4" ind2="1">
            <marc:subfield code="z">See dai 8</marc:subfield>
            <marc:subfield code="u">http://gisserver.princeton.edu/map/26295</marc:subfield>
        </marc:datafield>
        <marc:datafield tag="856" ind1="4" ind2="1">
            <marc:subfield code="z">See dai 8 label</marc:subfield>
            <marc:subfield code="u">http://gisserver.princeton.edu/map/26296</marc:subfield>
        </marc:datafield>
        <marc:datafield tag="856" ind1="4" ind2="1">
            <marc:subfield code="z">See dai 13</marc:subfield>
            <marc:subfield code="u">http://gisserver.princeton.edu/map/26297</marc:subfield>
        </marc:datafield>
        <marc:datafield tag="856" ind1="4" ind2="1">
            <marc:subfield code="z">See dai 13 label</marc:subfield>
            <marc:subfield code="u">http://gisserver.princeton.edu/map/26298</marc:subfield>
        </marc:datafield>
        <marc:datafield tag="856" ind1="4" ind2="1">
            <marc:subfield code="z">See dai 18</marc:subfield>
            <marc:subfield code="u">http://gisserver.princeton.edu/map/26299</marc:subfield>
        </marc:datafield>
        <marc:datafield tag="856" ind1="4" ind2="1">
            <marc:subfield code="z">See dai 18 label</marc:subfield>
            <marc:subfield code="u">http://gisserver.princeton.edu/map/26300</marc:subfield>
        </marc:datafield>
        <marc:datafield tag="856" ind1="4" ind2="1">
            <marc:subfield code="z">See dai 19</marc:subfield>
            <marc:subfield code="u">http://gisserver.princeton.edu/map/26301</marc:subfield>
        </marc:datafield>
        <marc:datafield tag="856" ind1="4" ind2="1">
            <marc:subfield code="z">See dai 19 label</marc:subfield>
            <marc:subfield code="u">http://gisserver.princeton.edu/map/26302</marc:subfield>
        </marc:datafield>
        <marc:datafield tag="856" ind1="4" ind2="1">
            <marc:subfield code="z">See dai 23</marc:subfield>
            <marc:subfield code="u">http://gisserver.princeton.edu/map/26303</marc:subfield>
        </marc:datafield>
        <marc:datafield tag="856" ind1="4" ind2="1">
            <marc:subfield code="z">See dai 23 label</marc:subfield>
            <marc:subfield code="u">http://gisserver.princeton.edu/map/26304</marc:subfield>
        </marc:datafield>
        <marc:datafield tag="880" ind1="0" ind2="0">
            <marc:subfield code="6">245-01</marc:subfield>
            <marc:subfield code="a">標準世界史掛図 /</marc:subfield>
            <marc:subfield code="c">亀井高孝, 三上次男編.</marc:subfield>
        </marc:datafield>
        <marc:datafield tag="880" ind1="3" ind2="0">
            <marc:subfield code="6">246-02</marc:subfield>
            <marc:subfield code="a">世界史掛図</marc:subfield>
        </marc:datafield>
        <marc:datafield tag="880" ind1=" " ind2=" ">
            <marc:subfield code="6">260-03</marc:subfield>
            <marc:subfield code="a">東京 :</marc:subfield>
            <marc:subfield code="b">吉川弘文館,</marc:subfield>
            <marc:subfield code="c">[昭和29- i.e.1954-]</marc:subfield>
        </marc:datafield>
        <marc:datafield tag="880" ind1="1" ind2=" ">
            <marc:subfield code="6">700-04</marc:subfield>
            <marc:subfield code="a">亀井高孝,</marc:subfield>
            <marc:subfield code="d">1886-1977.</marc:subfield>
        </marc:datafield>
        <marc:datafield tag="880" ind1="1" ind2=" ">
            <marc:subfield code="6">700-05</marc:subfield>
            <marc:subfield code="a">三上次男, ,</marc:subfield>
            <marc:subfield code="d">1907-1987.</marc:subfield>
        </marc:datafield>
    </marc:record>
    <marc:record type="Holdings">
        <marc:leader>00229cx  a22000971  4500</marc:leader>
        <marc:controlfield tag="001">6754340</marc:controlfield>
        <marc:controlfield tag="004">6773457</marc:controlfield>
        <marc:controlfield tag="005">20110928090919.0</marc:controlfield>
        <marc:controlfield tag="008">1109284u    8   1001uu   0901128</marc:controlfield>
        <marc:datafield tag="852" ind1="8" ind2=" ">
            <marc:subfield code="b">rcpxp</marc:subfield>
            <marc:subfield code="h">HMC01.6744</marc:subfield>
        </marc:datafield>
        <marc:datafield tag="866" ind1=" " ind2="0">
            <marc:subfield code="z">Only dai 1, 3, 4, 6, 8, 13, 18, 19, 23</marc:subfield>
        </marc:datafield>
    </marc:record>
    <marc:record type="Holdings">
        <marc:leader>00182nx  a22000854  4500</marc:leader>
        <marc:controlfield tag="001">7321552</marc:controlfield>
        <marc:controlfield tag="004">6773457</marc:controlfield>
        <marc:controlfield tag="005">20130514084239.0</marc:controlfield>
        <marc:controlfield tag="008">1305144u    8   1001uu   0901128</marc:controlfield>
        <marc:datafield tag="852" ind1="8" ind2=" ">
            <marc:subfield code="b">elf1</marc:subfield>
            <marc:subfield code="h">Electronic Resource</marc:subfield>
        </marc:datafield>
    </marc:record>
</marc:collection>
